<?xml version="1.0" encoding="UTF-8"?><collection xmlns="http://www.loc.gov/MARC21/slim"><record><leader>00554nam--2200181-i-4500</leader><controlfield tag="001">000028951</controlfield><controlfield tag="002">20161230</controlfield><controlfield tag="005">20161230201037</controlfield><controlfield tag="008">060222s1000------------r-----000-0-fre-d</controlfield><datafield ind1=" " ind2=" " tag="040"><subfield code="a">IFIN-HH</subfield></datafield><datafield ind1=" " ind2=" " tag="041"><subfield code="a">fre</subfield></datafield><datafield ind1=" " ind2=" " tag="080"><subfield code="a">533.6.011(043)</subfield></datafield><datafield ind1="1" ind2=" " tag="100"><subfield code="a">Lebrun, Jean Luc</subfield></datafield><datafield ind1="1" ind2="0" tag="245"><subfield code="a">Recherche sur les profils de raies d`absorbtion de bai elargies par collision avec les atomes d`argon et d`helim</subfield><subfield code="b">These</subfield><subfield code="c">Jean luc lebrun</subfield></datafield><datafield ind1=" " ind2=" " tag="260"><subfield code="a">Paris</subfield><subfield code="b">Universite De Paris</subfield><subfield code="c">1975</subfield></datafield><datafield ind1=" " ind2=" " tag="300"><subfield code="a">39P.+ 34FIG</subfield></datafield><datafield ind1=" " ind2=" " tag="852"><subfield code="a">44816</subfield><subfield code="c">533.6</subfield></datafield><datafield ind1=" " ind2=" " tag="CAT"><subfield code="a">Sys</subfield><subfield code="c">20110114</subfield><subfield code="h">084711</subfield></datafield></record></collection>